@misc{unsplashImage1,
    title={Unsplash Image 1},
    url={https://unsplash.com/photos/the-sun-shines-through-the-branches-of-a-tree-peJ9V8LWGZs},
    author={Gustavo SÃ¡nchez},
    note={Ultima visita: 23/06/2023}
}